<record><leader>00000cas a22000007a 4500</leader><controlfield tag="001">12797717</controlfield><controlfield tag="008">851115d18921896iaudn ne      0    0eng d</controlfield><datafield ind1=" " ind2=" " tag="010"><subfield code="a">sn 85049828 </subfield></datafield><datafield ind1=" " ind2=" " tag="040"><subfield code="a">INP</subfield><subfield code="b">eng</subfield><subfield code="c">INP</subfield><subfield code="d">OCLCQ</subfield></datafield><datafield ind1=" " ind2=" " tag="042"><subfield code="a">msc</subfield></datafield><datafield ind1="0" ind2=" " tag="130"><subfield code="a">Carroll sentinel (Carroll, Iowa : 1892)</subfield></datafield><datafield ind1="1" ind2="4" tag="245"><subfield code="a">The Carroll sentinel.</subfield></datafield><datafield ind1=" " ind2=" " tag="260"><subfield code="a">Carroll, Iowa :</subfield><subfield code="b">Powers &amp; Colclo,</subfield><subfield code="c">1892-</subfield></datafield><datafield ind1=" " ind2=" " tag="300"><subfield code="a">v. :</subfield><subfield code="b">ill. ;</subfield><subfield code="c">55 cm.</subfield></datafield><datafield ind1=" " ind2=" " tag="310"><subfield code="a">Daily (except Sunday)</subfield></datafield><datafield ind1="0" ind2=" " tag="362"><subfield code="a">Jan. 6, 1892-</subfield></datafield><datafield ind1="1" ind2=" " tag="362"><subfield code="a">Ceased with Dec. 30, 1896 issue?</subfield></datafield><datafield ind1=" " ind2=" " tag="752"><subfield code="a">United States</subfield><subfield code="b">Iowa</subfield><subfield code="c">Carroll</subfield><subfield code="d">Carroll.</subfield></datafield><datafield ind1="0" ind2=" " tag="775"><subfield code="t">Carroll sentinel (Carroll, Iowa : 1881)</subfield><subfield code="w">(DLC)sn 85049826</subfield></datafield><datafield ind1="0" ind2="0" tag="780"><subfield code="t">Daily sentinel (Carroll, Iowa)</subfield><subfield code="w">(DLC)sn 85049827</subfield></datafield></record>